<record><leader>00000cas a22000007a 4500</leader><controlfield tag="001">11141732</controlfield><controlfield tag="008">840911d18711873utudn ne      0    0eng d</controlfield><datafield ind1=" " ind2=" " tag="010"><subfield code="a">sn 84027450 </subfield></datafield><datafield ind1=" " ind2=" " tag="040"><subfield code="a">NPU</subfield><subfield code="b">eng</subfield><subfield code="c">NPU</subfield><subfield code="d">DLC</subfield><subfield code="d">UNP</subfield><subfield code="d">CNK</subfield><subfield code="d">UBY</subfield><subfield code="d">OCLCF</subfield><subfield code="d">OCLCO</subfield></datafield><datafield ind1="1" ind2=" " tag="029"><subfield code="a">AU@</subfield><subfield code="b">000025789330</subfield></datafield><datafield ind1=" " ind2=" " tag="042"><subfield code="a">msc</subfield></datafield><datafield ind1="0" ind2="0" tag="050"><subfield code="a">Newspaper 9935</subfield></datafield><datafield ind1="0" ind2="4" tag="245"><subfield code="a">The Corinne daily reporter.</subfield></datafield><datafield ind1="0" ind2="0" tag="246"><subfield code="a">Corinne reporter</subfield></datafield><datafield ind1=" " ind2=" " tag="260"><subfield code="a">Corinne, Utah :</subfield><subfield code="b">Dennis J. Toohy,</subfield><subfield code="c">1871-</subfield></datafield><datafield ind1=" " ind2=" " tag="300"><subfield code="a">v. ;</subfield><subfield code="c">52-56 cm.</subfield></datafield><datafield ind1=" " ind2=" " tag="310"><subfield code="a">Daily (except Sun.)</subfield></datafield><datafield ind1="0" ind2=" " tag="362"><subfield code="a">Vol. 4, no. 139 (Nov. 13, 1871)-</subfield></datafield><datafield ind1="1" ind2=" " tag="362"><subfield code="a">Ceased in Oct. 1873.</subfield><subfield code="z">Cf. Alter, J.C.  Early Utah journalism.</subfield></datafield><datafield ind1=" " ind2=" " tag="500"><subfield code="a">The word "daily" appears within the title ornament, &lt;Oct. 14, 1872-July 19, 1873&gt;.</subfield></datafield><datafield ind1=" " ind2="0" tag="651"><subfield code="a">Corinne (Utah)</subfield><subfield code="v">Newspapers.</subfield></datafield><datafield ind1=" " ind2="0" tag="651"><subfield code="a">Box Elder County (Utah)</subfield><subfield code="v">Newspapers.</subfield></datafield><datafield ind1=" " ind2="7" tag="655"><subfield code="a">Newspapers.</subfield><subfield code="2">fast</subfield><subfield code="0">(OCoLC)fst01423814</subfield></datafield><datafield ind1=" " ind2="7" tag="651"><subfield code="a">Utah</subfield><subfield code="z">Box Elder County.</subfield><subfield code="2">fast</subfield><subfield code="0">(OCoLC)fst01218055</subfield></datafield><datafield ind1=" " ind2="7" tag="651"><subfield code="a">Utah</subfield><subfield code="z">Corinne.</subfield><subfield code="2">fast</subfield><subfield code="0">(OCoLC)fst01208751</subfield></datafield><datafield ind1=" " ind2=" " tag="752"><subfield code="a">United States</subfield><subfield code="b">Utah</subfield><subfield code="c">Box Elder</subfield><subfield code="d">Corinne.</subfield></datafield><datafield ind1="0" ind2="0" tag="780"><subfield code="t">Daily Corinne reporter</subfield><subfield code="w">(DLC)sn 86071495</subfield><subfield code="w">(OCoLC)13557667</subfield></datafield></record>